<record><leader>00000cas a22000007a 4500</leader><controlfield tag="001">9415471</controlfield><controlfield tag="008">830415d18561902mauwr ne      0    0eng d</controlfield><controlfield tag="009">3768</controlfield><datafield ind1=" " ind2=" " tag="010"><subfield code="a">sn 83020568 </subfield></datafield><datafield ind1=" " ind2=" " tag="040"><subfield code="a">NPX</subfield><subfield code="b">eng</subfield><subfield code="c">NPX</subfield><subfield code="d">NPV</subfield><subfield code="d">NPU</subfield><subfield code="d">DLC</subfield><subfield code="d">MGN</subfield><subfield code="d">DLC</subfield><subfield code="d">OCLCF</subfield></datafield><datafield ind1="1" ind2=" " tag="029"><subfield code="a">AU@</subfield><subfield code="b">000025793242</subfield></datafield><datafield ind1=" " ind2=" " tag="042"><subfield code="a">msc</subfield></datafield><datafield ind1=" " ind2=" " tag="043"><subfield code="a">n-us-ma</subfield></datafield><datafield ind1="0" ind2="0" tag="050"><subfield code="a">Newspaper</subfield></datafield><datafield ind1="0" ind2="4" tag="245"><subfield code="a">The Milford journal.</subfield></datafield><datafield ind1=" " ind2=" " tag="260"><subfield code="a">Milford, Mass. :</subfield><subfield code="b">A. Dexter Sargeant</subfield></datafield><datafield ind1=" " ind2=" " tag="300"><subfield code="a">v.</subfield></datafield><datafield ind1=" " ind2=" " tag="310"><subfield code="a">Weekly</subfield></datafield><datafield ind1="0" ind2=" " tag="362"><subfield code="a">Vol. 4, no. 44 (Apr. 12, 1856)-v. 52, no. 52 (June 4, 1902).</subfield></datafield><datafield ind1=" " ind2="0" tag="651"><subfield code="a">Milford (Mass.)</subfield><subfield code="v">Newspapers.</subfield></datafield><datafield ind1=" " ind2="7" tag="655"><subfield code="a">Newspapers.</subfield><subfield code="2">fast</subfield><subfield code="0">(OCoLC)fst01423814</subfield></datafield><datafield ind1=" " ind2="7" tag="651"><subfield code="a">Massachusetts</subfield><subfield code="z">Milford.</subfield><subfield code="2">fast</subfield><subfield code="0">(OCoLC)fst01208906</subfield></datafield><datafield ind1=" " ind2=" " tag="752"><subfield code="a">United States</subfield><subfield code="b">Massachusetts</subfield><subfield code="c">Worcester</subfield><subfield code="d">Milford.</subfield></datafield><datafield ind1="0" ind2="0" tag="780"><subfield code="t">Milford weekly journal</subfield><subfield code="w">(DLC)sn 83020567</subfield><subfield code="w">(OCoLC)9415325</subfield></datafield><datafield ind1="0" ind2="0" tag="785"><subfield code="t">Milford daily journal (Milford, Mass. : 1888)</subfield><subfield code="w">(DLC)sn 89062410</subfield><subfield code="w">(OCoLC)22145863</subfield></datafield></record>